@Book{brassard,
author = "G. Brassard and P. Bratley",
title = "Fundamentos de algoritmia",
year = "2008",
publisher = "Madrid [etc.] : Prentice Hall, D.L.",
note = "I.S.B.N.: 978-84-89660-007"
}

@Book{neapolitan,
author = "Richard Neapolitan and Kumarss Naimipour",
title = "Foundations of algorithms",
year = "2011",
publisher = "Boston: Jones and Bartlett",  
note = "I.S.B.N.:978-0-7637-8250-4"
}

@Book{cormen,
author = "Cormen, Thomas H.",
title = "Introduction to algorithms 3rd ed.",
year = "2009",
publisher = "London : Mit",
note = "I.S.B.N.:978-0-2625-3305-8"
}

@Book{levitin,
author = "Levitin, Anany",
title = "Introduction to the design \& analysis of algorithms 2nd ed.",
year = "2007",
publisher = "Boston : Addison-Wesley",
note = "I.S.B.N.: 0-321-36413-9"
}

@Book{gibbons,
author = "Gibbons, Alan",
title = "Algorithmic graph theory",
year = "1985",
publisher = "Cambridge University Press",
note = "I.S.B.N.: 0-521-28881-9"
}

@Book{java,
author = "Bruce, Eckel",
title = "Piensa en Java; traducción, Vuelapluma 2ª ed.",
year = "2002",
publisher = "Madrid [etc.] : Prentice Hall", 
note = "I.S.B.N.: 978-84-8966-034-2"
}

@Book{c++,
author = "Sedgewick, Robert",
title = "Algorithms in C++ 3ª ed.",
year = "2003",
publisher = "Addison-Wesley",
note = "I.S.B.N.:0-201-36118-3 (Parte 5), 0-201-35088-2 (Parte 1-4)"
}

@Book{book:design,
author = "Steven S. Skiena",
title = "The algorithm design manual 2ª ed.",
year = "2008",
publisher = "New York : Springer",
note = "I.S.B.N.: 1-84800-069-3"
}

@Book{np,
author = "Garey, Michael R. and Johnson, David S.",
title = "Computers and intractability : a guide to the Theory of NP-Completeness [26th print.]",
year = "2003",
publisher = "New York, NY : W. H. Freeman",
note = "I.S.B.N.:0-7167-1045-5"
}

@Book{hopcroft,
author = "John E. Hopcroft and  Rajeev Motwani and Jeffrey D. Ullman",
title = "Introducción a la teoría de autómatas, lenguajes y computación 3ª ed.",
year = "2008",
publisher = "Madrid : Pearson Alhambra",
note = "I.S.B.N.: 978-84-7829-088-8"
}

@Book{aho,
author = "Alfred V. Aho and  John E. Hopcroft and Jeffrey D. Ullman",
title = "Estructuras de datos y algoritmos",
year = "1998",
publisher = "México [etc.] : Pearson Educación",
note = "I.S.B.N.: 968-444-345-5"
}

@Book{graph-theory,
author = "Harary, Frank",
title = "Graph theory",
year = "1969 (1996 reimpr.)",
publisher = "Addison-Wesley",
note = "I.S.B.N.: 0-201-02787-9"
}

@Book{latex,
author = "Cascales Salinas, Bernardo",
title = "\LaTeX{}: una imprenta en sus manos",
year = "2000",
publisher = "Madrid : Aula Documental de Investigación",
note = "I.S.B.N.: 9788492038190"
}

@Book{graphs,
author = "Berge, Claude",
title = "Graphs",
year = "1989",
publisher = "Elsevier Science Publishers B.V.",
note = "I.S.B.N.: 0-444-87603-0"
}

@Book{m.discreta,
author = "Kenneth H., Rosen",
title = "Matemática discreta y sus aplicaciones",
year = "2004",
publisher = "McGraw-Hill",
note = "I.S.B.N.: 84-481-4073-7"
}


@Manual{tikz,
author = "Till, Tantau",
title = "The Tikz and Pgf Packages: Manual for version 2.10",
year = "2010",
howpublished = "\\ \url{http://ftp.gui.uva.es/sites/ctan.org/graphics/pgf/base/doc/generic/pgf/pgfmanual.pdf}"
}

@Manual{beamer,
author = "Till Tantau, Joseph Wright, Vedran Miletić",
title = "The Beamer Class: Guide for version 3.10",
year = "2010",
howpublished = "\\ \url{ftp://ftp.dante.de/pub/tex/macros/latex/contrib/beamer/doc/beameruserguide.pdf}"
}

